<record><leader>00000cas a22000007a 4500</leader><controlfield tag="001">12627839</controlfield><controlfield tag="008">851002d18381846pauwr ne      0    0eng d</controlfield><controlfield tag="009">5601</controlfield><datafield ind1=" " ind2=" " tag="010"><subfield code="a">sn 86071438 </subfield></datafield><datafield ind1=" " ind2=" " tag="040"><subfield code="a">NPH</subfield><subfield code="b">eng</subfield><subfield code="c">NPH</subfield><subfield code="d">DLC</subfield><subfield code="d">NPH</subfield></datafield><datafield ind1="1" ind2=" " tag="029"><subfield code="a">AU@</subfield><subfield code="b">000025785573</subfield></datafield><datafield ind1=" " ind2=" " tag="042"><subfield code="a">msc</subfield></datafield><datafield ind1="0" ind2="0" tag="050"><subfield code="a">Newspaper 9375-X</subfield></datafield><datafield ind1="0" ind2="0" tag="245"><subfield code="a">Hollidaysburgh register, and Huntingdon County inquirer.</subfield></datafield><datafield ind1="0" ind2="7" tag="246"><subfield code="a">Register &amp; inquirer</subfield></datafield><datafield ind1="0" ind2="7" tag="246"><subfield code="a">Register and inquirer</subfield></datafield><datafield ind1="1" ind2="0" tag="246"><subfield code="a">Hollidaysburg register, and Huntingdon County inquirer</subfield></datafield><datafield ind1=" " ind2=" " tag="260"><subfield code="a">Hollidaysburgh [i.e. Hollidaysburg], Pa. :</subfield><subfield code="b">John Penn Jones,</subfield><subfield code="c">1838-1846.</subfield></datafield><datafield ind1=" " ind2=" " tag="300"><subfield code="a">9 v. ;</subfield><subfield code="c">51 cm.</subfield></datafield><datafield ind1=" " ind2=" " tag="310"><subfield code="a">Weekly</subfield></datafield><datafield ind1="0" ind2=" " tag="362"><subfield code="a">Vol. 2, no. 47 (May 23, 1838)-v. 10, no. 33 (Feb. 25, 1846).</subfield></datafield><datafield ind1=" " ind2=" " tag="500"><subfield code="a">Published as: Hollidaysburg register, and Huntingdon County inquirer, 1845-1846.</subfield></datafield><datafield ind1=" " ind2=" " tag="752"><subfield code="a">United States</subfield><subfield code="b">Pennsylvania</subfield><subfield code="c">Blair</subfield><subfield code="d">Hollidaysburg.</subfield></datafield><datafield ind1=" " ind2=" " tag="752"><subfield code="a">United States</subfield><subfield code="b">Pennsylvania</subfield><subfield code="c">Huntingdon</subfield><subfield code="d">Hollidaysburg.</subfield></datafield><datafield ind1="0" ind2="0" tag="780"><subfield code="t">Canal and portage register</subfield><subfield code="w">(DLC)sn 87080063</subfield></datafield><datafield ind1="0" ind2="0" tag="785"><subfield code="t">Hollidaysburg register, and Blair County inquirer</subfield><subfield code="w">(DLC)sn 87080064</subfield></datafield></record>